@INPROCEEDINGS{eng_tan_2018, 
author={S. Eng and J. Tan and M. Iseli}, 
booktitle={2018 IEEE 12th International Conference on Semantic Computing (ICSC)}, 
title={Adjective Intensity Ordering by Representing Word Definitions as a System of Linear Equations}, 
year={2018}, 
volume={}, 
number={}, 
pages={265-268}, 
keywords={computational linguistics;natural language processing;programming language semantics;text analysis;adjective intensity ordering;word definitions;linear equations;linear scale;standard method;gradable adjectives;word dictionary definitions;happiness-related adjectives;speed-related adjectives;Mathematical model;Dictionaries;Standards;Semantics;Electronic mail;Temperature distribution;Measurement;adjectives;clustering;dictionary;adjective ordering}, 
doi={10.1109/ICSC.2018.00047}, 
ISSN={}, 
month={Jan},}